@software{tool:mypy,
  author = {{The MyPy project}},
  title = {MyPy},
  url = {http://www.mypy-lang.org},
  version = {0.750},
  date = {2019-11-30},
}
@software{tool:autopep8,
  author = {{Hideo Hattori and Steven Myint and Bill Wendling}},
  title = {Autopep8},
  url = {https://pypi.python.org/pypi/autopep8/},
  version={1.4.4},
  date = {2019-11-30}
}
